
@Book{metev1998,
author = {Simeon M. Metev and Vadim P. Veiko},
editor = {Ed. R. M. Osgood Jr.},
title = {Laser Assisted Microtechnology},
publisher = {Springer-Verlag Berlin Heidelberg},
year = {1998},
}

@Book{Breckling1989,
author = {Ed J. Breckling},
editor = {â€¢},
title = {The Analysis of Directional Time Series: Applications to Wind Speed and Direction, ser},
publisher = {Lecture Notes in Statistics.  Berlin, Germany: Springer},
year = {1989},
volume = {61},
}

@book{Padhye1999,
author = {Padhye, J and Firoiu, V and Towsley, D},
publisher ={Univ. of Massachusetts, Amherst, MA, CMPSCI Tech. Rep},
title = {A stochastic model of TCP Reno congestion avoidance and control},
year = {1999}
}
